@book{attapl,
    author = {Pierce, Benjamin C.},
    title = {Advanced Topics in Types and Programming Languages},
    year = {2004},
    isbn = {0262162288},
    publisher = {The MIT Press},
} 

@book{tapl,
 author = {Pierce, Benjamin C.},
 title = {Types and Programming Languages},
 year = {2002},
 isbn = {0262162091, 9780262162098},
 edition = {1st},
 publisher = {The MIT Press},
}

@article{higher,
 author = {Moors, Adriaan and Piessens, Frank and Odersky, Martin},
 title = {Generics of a Higher Kind},
 journal = {SIGPLAN Not.},
 issue_date = {September 2008},
 volume = {43},
 number = {10},
 month = oct,
 year = {2008},
 issn = {0362-1340},
 pages = {423--438},
 numpages = {16},
 url = {http://doi.acm.org/10.1145/1449955.1449798},
 doi = {10.1145/1449955.1449798},
 acmid = {1449798},
 publisher = {ACM},
 address = {New York, NY, USA},
 keywords = {Scala, higher-kinded types, higher-order genericity, type constructor polymorphism},
}

@article{patina,
  title={Patina: A formalization of the Rust programming language},
  author={Reed, Eric},
  year={2015}
} 

@misc{rust-borrowing,
  title = {References and Borrowing},
  howpublished = {\url{https://doc.rust-lang.org/book/references-and-borrowing.html}},
  note = {Accessed: 2016-10-18}
}

@misc{alex,
  title = {Alex: A lexical analyser generator for Haskell},
  howpublished = {\url{https://www.haskell.org/alex/}},
  note = {Accessed: 2016-10-18}
}

@misc{happy,
  title = {Happy: The Parser Generator for Haskell},
  howpublished = {\url{https://www.haskell.org/happy/}},
  note = {Accessed: 2016-10-18}
}

@misc{haskell,
  title = {Haskell: An advanced, purely functional programming language },
  howpublished = {\url{https://www.haskell.org/}},
  note = {Accessed: 2016-10-18}
}

@misc{rust,
  title = {The Rust Programming Langauge},
  howpublished = {\url{https://www.rust-lang.org/en-US/}},
  note = {Accessed: 2016-10-18}
}

@misc{assoctypes,
  title = {Associated Types},
  howpublished = {\url{https://doc.rust-lang.org/book/associated-types.html}},
  note = {Accessed: 2017-2-20}
}

@misc{ruststack,
  title = {The Stack and the Heap },
  howpublished = {\url{https://doc.rust-lang.org/book/the-stack-and-the-heap.html}},
  note = {Accessed: 2016-10-18}
}

@misc{cppref,
  title = {RAII},
  howpublished = {\url{http://en.cppreference.com/w/cpp/language/raii}},
  note = {Accessed: 2016-10-18}
}

@misc{rfc1598,
  title = {Associated type constructors (a form of higher-kinded polymorphism)},
  howpublished = {\url{https://github.com/rust-lang/rfcs/pull/1598/commits/406400c082c4989e94b04a423988b13ac12d1afa}},
  note = {Accessed: 2017-4-22}
}

@misc{niko,
  title = {Associated type constructors, part 1: basic concepts and introduction},
  howpublished = {\url{http://smallcultfollowing.com/babysteps/blog/2016/11/02/associated-type-constructors-part-1-basic-concepts-and-introduction/}},
  note = {Accessed: 2017-4-22}
}

@inproceedings{ownership,
  title={Ownership is theft: experiences building an embedded OS in rust},
  author={Levy, Amit and Andersen, Michael P and Campbell, Bradford and Culler, David and Dutta, Prabal and Ghena, Branden and Levis, Philip and Pannuto, Pat},
  booktitle={Proceedings of the 8th Workshop on Programming Languages and Operating Systems},
  pages={21--26},
  year={2015},
  organization={ACM}
}

@article{tovAffine,
 author = {Tov, Jesse A. and Pucella, Riccardo},
 title = {Practical Affine Types},
 journal = {SIGPLAN Not.},
 issue_date = {January 2011},
 volume = {46},
 number = {1},
 month = jan,
 year = {2011},
 issn = {0362-1340},
 pages = {447--458},
 numpages = {12},
 url = {http://doi.acm.org/10.1145/1925844.1926436},
 doi = {10.1145/1925844.1926436},
 acmid = {1926436},
 publisher = {ACM},
 address = {New York, NY, USA},
 keywords = {affine types, linear logic, modules, polymorphism, type systems},
}

@misc{stack,
  title = {The Haskell Tool Stack},
  howpublished = {\url{https://docs.haskellstack.org/en/stable/README/}},
  note = {Accessed: 2016-10-18}
}

@inproceedings{garbage,
  title={Quantifying the performance of garbage collection vs. explicit memory management},
  author={Hertz, Matthew and Berger, Emery D},
  booktitle={ACM SIGPLAN Notices},
  volume={40},
  number={10},
  pages={313--326},
  year={2005},
  organization={ACM}
}

@book{appel,
 author = {Appel, Andrew W.},
 title = {Modern Compiler Implementation in ML: Basic Techniques},
 year = {1997},
 isbn = {0-521-58775-1},
 publisher = {Cambridge University Press},
 address = {New York, NY, USA},
} 

@article{consclasses,
  title={A system of constructor classes: overloading and implicit higher-order polymorphism},
  author={Jones, Mark P},
  journal={Journal of functional programming},
  volume={5},
  number={1},
  pages={1--35},
  year={1995},
  publisher={Cambridge University Press}
}
